<?xml version="1.0" encoding="UTF-8"?><collection xmlns="http://www.loc.gov/MARC21/slim"><record><leader>00384nam--2200133-i-4500</leader><controlfield tag="001">000041600</controlfield><controlfield tag="002">20161230</controlfield><controlfield tag="005">20161230201043</controlfield><controlfield tag="008">060222s1000------------r-----000-0-eng-d</controlfield><datafield ind1=" " ind2=" " tag="100"><subfield code="a">Sillitto,R.M</subfield></datafield><datafield ind1=" " ind2=" " tag="245"><subfield code="a">Non-relativistic quantum mechanics. an introduction</subfield></datafield><datafield ind1=" " ind2=" " tag="260"><subfield code="a">Edinburg, The Univ.Press, 1960. X+230 P</subfield></datafield><datafield ind1=" " ind2=" " tag="490"><subfield code="a">Edinburgh Univ.Publ. Science And Math. Text</subfield></datafield><datafield ind1=" " ind2=" " tag="852"><subfield code="a">16838</subfield></datafield></record></collection>